@article{robbins1952some,
  title={Some aspects of the sequential design of experiments},
  author={Robbins, Herbert},
  journal={Bulletin of the American Mathematical Society},
  volume={58},
  number={5},
  pages={527--535},
  year={1952}
}

@article{thompson1933likelihood,
  title={On the likelihood that one unknown probability exceeds another in view of the evidence of two samples},
  author={Thompson, William R},
  journal={Biometrika},
  volume={25},
  number={3/4},
  pages={285--294},
  year={1933}
}

@article{auer2002finite,
  title={Finite-time analysis of the multiarmed bandit problem},
  author={Auer, Peter and Cesa-Bianchi, Nicolo and Fischer, Paul},
  journal={Machine learning},
  volume={47},
  number={2-3},
  pages={235--256},
  year={2002},
  publisher={Springer}
}

@inproceedings{cesabianchi1998finite,
  title={Finite-Time Regret Bounds for the Multiarmed Bandit Problem.},
  author={Cesa-Bianchi, Nicol{\`o} and Fischer, Paul},
  booktitle={ICML},
  pages={100--108},
  year={1998},
  organization={Citeseer}
}

@inproceedings{dani2006robbing,
  title={Robbing the bandit: Less regret in online geometric optimization against an adaptive adversary},
  author={Dani, Varsha and Hayes, Thomas P},
  booktitle={Proceedings of the seventeenth annual ACM-SIAM symposium on Discrete algorithm},
  pages={937--943},
  year={2006},
  organization={Society for Industrial and Applied Mathematics}
}

@article{garivier2016explore,
  title={On Explore-Then-Commit Strategies},
  author={Garivier, Aur{\'e}lien and Kaufmann, Emilie and Lattimore, Tor},
  journal={arXiv preprint arXiv:1605.08988},
  year={2016}
}

@article{osband2015bootstrapped,
  title={Bootstrapped Thompson Sampling and Deep Exploration},
  author={Osband, Ian and Van Roy, Benjamin},
  journal={arXiv preprint arXiv:1507.00300},
  year={2015}
}

@article{eckles2014thompson,
  title={Thompson sampling with the online bootstrap},
  author={Eckles, Dean and Kaptein, Maurits},
  journal={arXiv preprint arXiv:1410.4009},
  year={2014}
}

@inproceedings{baransi2014sub,
  title={Sub-sampling for Multi-armed Bandits},
  author={Baransi, Akram and Maillard, Odalric-Ambrym and Mannor, Shie},
  booktitle={Proceedings of the European Conference on Machine Learning and Knowledge Discovery in Databases-Volume 8724},
  pages={115--131},
  year={2014},
  organization={Springer-Verlag New York, Inc.}
}
